@incollection{powelldogleg,
author = "M. J. D. Powell",
title = {A {FORTRAN} subroutine for solving systems of nonlinear algebraic equations},
booktitle = "Numerical Methods for Nonlinear Algebraic Equations",
editor = "P. Rabinowitz",
pages = "115-161",
publisher = "Gordon and Breach, Science Publishers Ltd.",
year = "1970"
}

@incollection{powellhybrid,
author = "M. J. D. Powell",
title = {A hybrid method for nonlinear equations},
booktitle = {Numerical Methods for Nonlinear Algebraic Equations},
editor = "P. Rabinowitz",
pages = "87-114",
publisher = "Gordon and Breach, Science Publishers Ltd.",
year = "1970"
}

@article{acmtomsumfpack,
author = {Davis, Timothy A.},
title = {Algorithm 832: {UMFPACK} V4.3---an unsymmetric-pattern multifrontal method},
journal = {ACM Trans. Math. Softw.},
volume = {30},
number = {2},
year = {2004},
issn = {0098-3500},
pages = {196--199},
doi = {http://doi.acm.org/10.1145/992200.992206},
publisher = {ACM},
address = {New York, NY, USA},
note = {\url{http://www.cise.ufl.edu/research/sparse/umfpack/}}
}

@misc{ipopt:website,
author = {A. W\"{a}chter and L. T. Biegler},
title = {Ipopt},
month = "August",
year = {2009},
note = {\url{https://projects.coin-or.org/Ipopt}}
}

@misc{snopt:website,
author = {Philip Gill and Walter Murray and Michael Saunders},
title = {{SNOPT} 7.0 Description},
month = {August},
year = {2009},
note = {\mbox{\url{http://www.sbsi-sol-optimize.com/asp/sol_product_snopt.htm}}}
}

@techreport{minpack,
note = {\mbox{\url{http://www-unix.mcs.anl.gov/~more/ANL8074a.pdf}}},
author = {J. J. Mor\'{e} and B. S. Garbow and K. E. Hillstrom},
title = {User Guide for {MINPACK}-1}},
year = {1980},
month = {August},
institution = {Argonne National Laboratory, Applied Mathematics Division}
}

@misc{levmar:website,
author = "Manolis Lourakis",
title = "levmar: Levenberg-{M}arquardt nonlinear least squares algorithms in {C}/{C}++",
month = {August},
year = {2009},
note = {\mbox{\url{http://www.ics.forth.gr/~lourakis/levmar/}}}
}

@article{tensolve,
 author = {Bouaricha, Ali and Schnabel, Robert B.},
 title = {Algorithm 768: {TENSOLVE}: a software package for solving systems of nonlinear equations and nonlinear least-squares problems using tensor methods},
 journal = {ACM Trans. Math. Softw.},
 volume = {23},
 number = {2},
 year = {1997},
 issn = {0098-3500},
 pages = {174--195},
 doi = {http://doi.acm.org/10.1145/264029.264032},
 publisher = {ACM},
 address = {New York, NY, USA},
}

@article{algorithm618,
 author = {Coleman, Thomas F. and Garbow, Burton S. and Mor\'{e}, Jorge J.},
 title = {Algorithm 618: {FORTRAN} subroutines for estimating sparse Jacobian Matrices},
 journal = {ACM Trans. Math. Softw.},
 volume = {10},
 number = {3},
 year = {1984},
 issn = {0098-3500},
 pages = {346--347},
 doi = {http://doi.acm.org/10.1145/1271.319415},
 publisher = {ACM},
 address = {New York, NY, USA},
}

@misc{colpack:website,
author = "A. H. Gebremedhin",
title = "Graph coloring for computing derivatives",
note = {\mbox{\url{http://www.cscapes.org/coloringpage}}},
month = {August},
year = {2009},
}

@book{directmethods,
 author = {Davis, Timothy A.},
 title = {Direct Methods for Sparse Linear Systems},
 year = {2006},
 isbn = {0898716136},
 publisher = {Society for Industrial and Applied Mathematics},
 address = {Philadelphia, PA, USA},
 note = {\mbox{\url{http://www.cise.ufl.edu/research/sparse/CSparse/}}}
 }

@book{nocedalwright, 
author = {Nocedal, Jorge and Wright, Stephen J.},
title = {Numerical Optimization},
year = {2006},
edition = {second},
publisher = {Springer Verlag},
address = {New York}
}

@misc{acmlicense,
title = {{ACM} {S}oftware {C}opyright and {L}icense {A}greement},
note = {\mbox{\url{http://www.acm.org/publications/softwarecrnnotice}}},
year = {2009},
month = {August}
}

@article{columncoloring,
 author = {T. F. Coleman and J. J. Mor\'{e}},
 title = {Estimation of Sparse Jacobian Matrices and Graph Coloring Problems},
 journal = {SIAM J. Numer. Anal.},
 volume = {20},
 number = {1},
 year = {1983},
 month = {February},
 pages = {187--209}
}